
@misc{erickson_picture_2019,
	title = {Picture protocol layer thread},
	url = {https://www.threadgroup.org/Portals/0/Images/blog/layerprotocols.png},
	abstract = {Picture protocol layer thread},
	language = {en},
	urldate = {2020-08-04},
	journal = {Thread Group},
	author = {Erickson, Grant and Neidig, Sujata and Hui, Jonathan},
	month = dec,
	year = {2019},
	file = {layerprotocols.png (400Ã—400):C\:\\Users\\robin\\Zotero\\storage\\6S2PDIZY\\layerprotocols.html:text/html}
}
